<record><leader>00000cas a2200000 a 4500</leader><controlfield tag="001">6748578</controlfield><controlfield tag="008">800924c19809999iludn ne     s0   a0eng c</controlfield><datafield ind1=" " ind2=" " tag="010"><subfield code="a">sn 87001060 </subfield><subfield code="z">sn 90054927 </subfield></datafield><datafield ind1=" " ind2=" " tag="040"><subfield code="a">IAD</subfield><subfield code="b">eng</subfield><subfield code="c">IAD</subfield><subfield code="d">NSD</subfield><subfield code="d">NVF</subfield><subfield code="d">OCLCQ</subfield><subfield code="d">NVF</subfield><subfield code="d">OCLCF</subfield><subfield code="d">DLC</subfield><subfield code="d">NVF</subfield><subfield code="d">OCL</subfield><subfield code="d">OCLCO</subfield><subfield code="d">COO</subfield></datafield><datafield ind1=" " ind2=" " tag="012"><subfield code="m">1</subfield></datafield><datafield ind1=" " ind2=" " tag="019"><subfield code="a">21538980</subfield></datafield><datafield ind1="1" ind2=" " tag="022"><subfield code="a">0894-1599</subfield><subfield code="l">0894-1599</subfield><subfield code="2">1</subfield></datafield><datafield ind1="1" ind2=" " tag="029"><subfield code="a">AU@</subfield><subfield code="b">000025866622</subfield></datafield><datafield ind1=" " ind2=" " tag="032"><subfield code="a">002250</subfield><subfield code="b">USPS</subfield></datafield><datafield ind1=" " ind2=" " tag="037"><subfield code="b">Eastern News, Eastern Illinois University, Charleston, IL 61920</subfield></datafield><datafield ind1=" " ind2=" " tag="042"><subfield code="a">pcc</subfield></datafield><datafield ind1=" " ind2=" " tag="043"><subfield code="a">n-us-il</subfield></datafield><datafield ind1=" " ind2=" " tag="090"><subfield code="a">LH1</subfield><subfield code="b">.I4</subfield></datafield><datafield ind1="0" ind2=" " tag="130"><subfield code="a">Daily Eastern news (Charleston, Ill.)</subfield></datafield><datafield ind1=" " ind2="4" tag="222"><subfield code="a">The daily Eastern news</subfield></datafield><datafield ind1="1" ind2="4" tag="245"><subfield code="a">The daily Eastern news.</subfield></datafield><datafield ind1="1" ind2=" " tag="246"><subfield code="i">Published in summer as:</subfield><subfield code="a">Summer Eastern news</subfield></datafield><datafield ind1="1" ind2="0" tag="246"><subfield code="a">Eastern news</subfield></datafield><datafield ind1=" " ind2=" " tag="260"><subfield code="a">Charleston, Ill. :</subfield><subfield code="b">Eastern Illinois University,</subfield><subfield code="c">1980-</subfield></datafield><datafield ind1=" " ind2=" " tag="300"><subfield code="a">v.</subfield></datafield><datafield ind1=" " ind2=" " tag="310"><subfield code="a">Daily (except Saturday and Sunday, fall and spring semesters); semiweekly during the summer semester (except vacations)</subfield></datafield><datafield ind1="0" ind2=" " tag="362"><subfield code="a">Vol. 65, no. 1 (Aug. 5, 1980)-</subfield></datafield><datafield ind1=" " ind2=" " tag="500"><subfield code="a">Publishes occasional weekend editions.</subfield></datafield><datafield ind1=" " ind2=" " tag="588"><subfield code="a">Latest issue consulted: Vol. 92, no. 74 (Dec. 11, 2006).</subfield></datafield><datafield ind1="2" ind2="0" tag="610"><subfield code="a">Eastern Illinois University</subfield><subfield code="v">Newspapers.</subfield></datafield><datafield ind1=" " ind2="0" tag="650"><subfield code="a">College student newspapers and periodicals</subfield><subfield code="z">Illinois</subfield><subfield code="z">Charleston.</subfield></datafield><datafield ind1=" " ind2="0" tag="651"><subfield code="a">Charleston (Ill.)</subfield><subfield code="v">Newspapers.</subfield></datafield><datafield ind1="2" ind2="7" tag="610"><subfield code="a">Eastern Illinois University.</subfield><subfield code="2">fast</subfield><subfield code="0">(OCoLC)fst00537513</subfield></datafield><datafield ind1=" " ind2="7" tag="650"><subfield code="a">College student newspapers and periodicals</subfield><subfield code="2">fast</subfield><subfield code="0">(OCoLC)fst00867966</subfield></datafield><datafield ind1=" " ind2="7" tag="651"><subfield code="a">Illinois</subfield><subfield code="z">Charleston.</subfield><subfield code="2">fast</subfield><subfield code="0">(OCoLC)fst01205861</subfield></datafield><datafield ind1=" " ind2="7" tag="655"><subfield code="a">Newspapers.</subfield><subfield code="2">fast</subfield><subfield code="0">(OCoLC)fst01423814</subfield></datafield><datafield ind1=" " ind2=" " tag="752"><subfield code="a">United States</subfield><subfield code="b">Illinois</subfield><subfield code="c">Coles</subfield><subfield code="d">Charleston.</subfield></datafield><datafield ind1="0" ind2="0" tag="780"><subfield code="t">Eastern news (Charleston, Ill.)</subfield><subfield code="w">(DLC)sn 90054926</subfield><subfield code="w">(OCoLC)21538750</subfield></datafield></record>